<?xml version="1.0" encoding="UTF-8"?><collection xmlns="http://www.loc.gov/MARC21/slim"><record><leader>00465nam--2200169-i-4500</leader><controlfield tag="001">000039170</controlfield><controlfield tag="002">20161230</controlfield><controlfield tag="005">20161230201042</controlfield><controlfield tag="008">060222s1000------------r-----000-0-eng-d</controlfield><datafield ind1=" " ind2=" " tag="040"><subfield code="a">IFIN-HH</subfield></datafield><datafield ind1=" " ind2=" " tag="080"><subfield code="a">53(061.3)</subfield></datafield><datafield ind1="1" ind2=" " tag="100"><subfield code="a">Quazi, M.N</subfield></datafield><datafield ind1="1" ind2="0" tag="245"><subfield code="a">Physics and contemporary needs. vol. 7. islamabad, pakistan, 1982</subfield><subfield code="c">M.n. quazi (ed.)</subfield></datafield><datafield ind1=" " ind2=" " tag="260"><subfield code="a">Singapore</subfield><subfield code="b">World Scientific</subfield><subfield code="c">1985</subfield></datafield><datafield ind1=" " ind2=" " tag="300"><subfield code="a">XVI+296P</subfield></datafield><datafield ind1=" " ind2=" " tag="852"><subfield code="a">48261</subfield><subfield code="c">53</subfield></datafield><datafield ind1=" " ind2=" " tag="CAT"><subfield code="a">Sys</subfield><subfield code="c">20150327</subfield><subfield code="h">110131</subfield></datafield></record></collection>